<?xml version="1.0" encoding="UTF-8"?><collection xmlns="http://www.loc.gov/MARC21/slim"><record><leader>00390nam--2200157-i-4500</leader><controlfield tag="001">000011324</controlfield><controlfield tag="002">20161230</controlfield><controlfield tag="005">20170221160856</controlfield><controlfield tag="008">060222s1000------------r-----000-0-eng-d</controlfield><datafield ind1=" " ind2=" " tag="100"><subfield code="a">Dessel, Norman F</subfield></datafield><datafield ind1=" " ind2=" " tag="245"><subfield code="a">Science and human destiny</subfield></datafield><datafield ind1=" " ind2=" " tag="260"><subfield code="a">New York</subfield><subfield code="b">Mcgraw-hill Book Co</subfield><subfield code="c">1973</subfield></datafield><datafield ind1=" " ind2=" " tag="300"><subfield code="a">X+318 p</subfield></datafield><datafield ind1=" " ind2=" " tag="700"><subfield code="a">Voran, Glenn I</subfield></datafield><datafield ind1=" " ind2=" " tag="852"><subfield code="a">5:62</subfield></datafield><datafield ind1=" " ind2=" " tag="CAT"><subfield code="a">SYS</subfield><subfield code="c">20170221</subfield><subfield code="h">160856</subfield></datafield></record></collection>